@manual{uri,
    Author = {University of Rhode Island},
    Title = {Amplitude Shift Keying & Frequency Shift Keying},
    Address = {http://www.ele.uri.edu/Courses/ele436/labs/ASKnFSK.pdf},
    Year = {2012},
}

@book{Fink,
	Author = {Finkenzeller, Klaus},
    Title = {RFID Handbook - Fundamentals and Applications in Contactless Smart Cards, Radio Frequency Identification and Near-Field Communication},
    Year = {2010},
    Page = {233}
}

@manual{li2009,
	Author = {Li,Huiyin },
	Title = {Development and Implementation of RFID Technology},
	Year = {2009},
	Address = {Chinese Academy of Sciences,  China },
	Pages = {1},
	isbn = { 978-3-902613-54-7},
}

@manual{14443,
	Author = {ISO/IEC},
    Title = {Undertanding the Requirements of ISO/IEC 14443 for Type B Proximity Contactless Identification Cards},
    Year = {2005}
    }
    
@article{markham,
	Author = {Markham},
	Title = {Understanding rfid (radio frequency identification)},
	Year = {2012},
	Address = {Canadá},
	Pages = {14,15},
}	

@article{waamaral,
	Author = {Amaral, Wellington and Pinto, José and Ximenes, Pedro and Portugal, Marlon and Gomes, Wesley},

	Title = {Design of a Passive RFID tag for 13.56MHz},
	Address = {University of Brasília},
    Year = {2014},
}	

@article{coe,
	Author = {Coe, C, d.E. e. R. R.},
	Title = {About RFID },
	Year = {2005},
	Address = {\url{http://www.rfid-coe.com/_Ingles/AboutRFID.aspx}},

}

@article{Sangreman,
	Author = {Sangreman, T. C. A},
	Title = { O que é RFID? Utilidades práticas,como funciona},
	Year = {2003},
	Address = {\url{http://www.gta.ufrj.br/grad/07_1/
rfid/RFID_arquivos/Index.htm}},

}
@article{Puhlmann,
	Author = {Puhlmann, H},
	Title = { Introdução à tecnologia de identificação RFID},
	Year = {2015},
    Address = {Disponível em: \url{https://www.embarcados.com.br/introducao-a-tecnologia-de-identificacao-rfid/}},

}

@book{Harvey,
	Author = {Harvey, Lehpamer},
    Title = {RFID Design Principles},
    Year = {2007},
}
	
@article{Marlon,
	Author = { Portugal Filho , Marlon},
	Title = { Modelagem em Verilog-AMS de uma Tag Passiva de RFID e Projeto Elétrico do Demodulador ASK
},
	Year = {2014},
    Address = {Universidade de Brasília},

}

@article{phy,
	Author = { Li, Zhuo and Alpert, Charles},
	Title = { What is Physical Synthesis?},
	Year = {2011},
     Address = {Disponível em: \url{https://pdfs.semanticscholar.org/fa4f/a72088b2f0b461c1bf3fc38776fa8046e53c.pdf/}},

}

@article{henriq,
	Author = { Faria , Henrique},
	Title = { Projeto de um Processador Banda Base de uma Tag Passiva de RFID},
	Year = {2017},
    Address = {Universidade de Brasília},

}

@article{jose,
	Author = { Neto , José},
	Title = { Teste, Projeto E Verificação Funcional de uma Tag de RFID de 13,56 MHz},
	Year = {2015},
    Address = {Universidade de Brasília},

}

@article{Roberta,
	Author = { Guimarães , Roberta Rosa do N. H.},
	Title = { Modelagem de Sistemas Heterogêneos Utilizando Frameworks Baseados em MoC
},
	Year = {2013},
    Address = {Universidade de Brasília},

}